@misc{URL:DAS4,
  title = "DAS-4",
  url = "http://www.cs.vu.nl/das4/",
}

@misc{URL:OpenNebula,
  title = "OpenNebula",
  url = "http://opennebula.org/",
}

@misc{URL:FFmpeg,
  title = "FFmpeg",
  url = "http://ffmpeg.org/",
}

@Standard{Standard:H264,
  title = "Information technology --
           Coding of audio-visual objects --
           Part 10: Afvanced Video Coding",
  number = "ISO/IEC 14496-10:2012",
  month = "April",
  year = "2012",
  organization = "International Organization for Standardization",
}
